@BOOKLET{Madsen2010,
  author = {Lars Madsen},
  title = {Introduktion til {LaTeX}},
  year = {2010},
  howpublished = {\url{http://www.imf.au.dk/system/latex/bog/}}
 }
 
@MISC{Oetiker2010,
  author = {Tobias Oetiker},
  title = {The Not So Short A Introduction to {LaTeX2e}},
  year = {2010},
  howpublished = {\url{http://tobi.oetiker.ch/lshort/lshort.pdf}}
 }
 
@BOOK{Mittelbach2005,
  author = {Frank Mittelbach},
  edition = {2. ed.},
  publisher = {Addison-Wesley},
  title = {The LATEX companion},
  year = 2005
}

@misc{TEBF080828:online,
author = {},
title = {TEBF0808 TRM - Public Docs - Trenz Electronic Wiki},
howpublished = {\url{https://wiki.trenz-electronic.de/display/PD/TEBF0808+TRM}},
month = {},
year = {},
note = {(Accessed on 03/11/2022)}
}

@misc{linuxuse66:online,
author = {},
title = {linux-userspace-examples/i2c\_example\_linux/src at master · Digilent/linux-userspace-examples},
howpublished = {\url{https://github.com/Digilent/linux-userspace-examples/tree/master/i2c_example_linux/src}},
month = {},
year = {},
note = {(Accessed on 03/11/2022)}
}

@misc{Si5345Si17:online,
author = {},
title = {Si5345, Si5344, Si5342 Rev. D Family Reference Manual},
howpublished = {\url{https://www.skyworksinc.com/-/media/Skyworks/SL/documents/public/reference-manuals/Si5345-44-42-D-RM.pdf}},
month = {},
year = {},
note = {(Accessed on 03/11/2022)}
}

@misc{ug903viv24:online,
author = {},
title = {ug903-vivado-using-constraints.pdf • Viewer • Documentation Portal},
howpublished = {\url{https://docs.xilinx.com/v/u/2018.1-English/ug903-vivado-using-constraints}},
month = {},
year = {},
note = {(Accessed on 05/12/2022)}
}

@misc{Download48:online,
author = {},
title = {Download | Trenz Electronic GmbH Online Shop (DE)},
howpublished = {\url{https://shop.trenz-electronic.de/Download/?path=Trenz_Electronic/Pinout}},
month = {},
year = {},
note = {(Accessed on 05/12/2022)}
}

@misc{Download0:online,
author = {},
title = {Download | Trenz Electronic GmbH Online Shop (DE)},
howpublished = {\url{https://shop.trenz-electronic.de/Download/?path=Trenz_Electronic/Modules_and_Module_Carriers/5.2x7.6/5.2x7.6_Carriers/TEBF0808/REV04/Documents}},
month = {},
year = {},
note = {(Accessed on 05/12/2022)}
}
@misc{Multigig65:online,
author = {},
title = {Multi-gigabit transceiver - Wikipedia},
howpublished = {\url{https://en.wikipedia.org/wiki/Multi-gigabit_transceiver\#:~:text=A\%20multi\%2Dgigabit\%20transceiver\%20(MGT,interfaces\%20with\%20equivalent\%20data\%20throughput.}},
month = {},
year = {},
note = {(Accessed on 05/12/2022)}
}

@misc{document73:online,
author = {},
title = {documentation/main.pdf · master · EMCI-EMP / mortens-work · GitLab},
howpublished = {\url{https://gitlab.cern.ch/emci-emp/mortens-work/-/blob/master/documentation/main.pdf}},
month = {},
year = {},
note = {(Accessed on 05/13/2022)}
}

@misc{Thekerne23:online,
author = {},
title = {The kernel’s command-line parameters — The Linux Kernel documentation},
howpublished = {\url{https://www.kernel.org/doc/html/v4.14/admin-guide/kernel-parameters.html}},
month = {},
year = {},
note = {(Accessed on 05/13/2022)}
}

@misc{FilesCER18:online,
author = {},
title = {Files - CERNBox: the CERN Cloud Storage},
howpublished = {\url{https://cernbox.cern.ch/index.php/s/QdUZq4NBV8x1u1e?path=\%2FEMP\#pdfviewer}},
month = {},
year = {},
note = {(Accessed on 05/16/2022)}
}

@misc{scripts·18:online,
author = {},
title = {scripts · master · EMCI-EMP / mortens-work · GitLab},
howpublished = {\url{https://gitlab.cern.ch/emci-emp/mortens-work/-/tree/master/scripts}},
month = {},
year = {},
note = {(Accessed on 05/16/2022)}
}

@misc{EMCIEMPe14:online,
author = {},
title = {EMCI-EMP / emp-firmware · GitLab},
howpublished = {\url{https://gitlab.cern.ch/emci-emp/emp-firmware}},
month = {},
year = {},
note = {(Accessed on 05/16/2022)}
}

@misc{3Configu48:online,
author = {},
title = {3. Configuration — lpGBT Manual},
howpublished = {\url{https://lpgbt.web.cern.ch/lpgbt/v0/configuration.html}},
month = {},
year = {},
note = {(Accessed on 05/16/2022)}
}

@misc{EMCIelec13:online,
author = {},
title = {EMCI\_electronic\_specifications\_v1.2.pdf},
howpublished = {\url{file:///C:/Users/esandgaa/cernbox/WINDOWS/Desktop/Litterature\%20and%20links%20from%20Daniel/EMCI_electronic_specifications_v1.2.pdf}},
month = {},
year = {},
note = {(Accessed on 05/16/2022)}
}

@misc{MPSoCMod51:online,
author = {},
title = {MPSoC Module with Xilinx Zynq UltraScale+ ZU4EG-1E, 4 GByte DDR4, 5.2 x 7.6 cm | Xilinx UltraScale | Programmable Logic | Products | Trenz Electronic GmbH Online Shop (EN)},
howpublished = {\url{https://shop.trenz-electronic.de/en/TE0807-03-4BE21-A-MPSoC-Module-with-Xilinx-Zynq-UltraScale-ZU4EG-1E-4-GByte-DDR4-5.2-x-7.6-cm}},
month = {},
year = {},
note = {(Accessed on 05/17/2022)}
}

@misc{TrenzEle6:online,
author = {},
title = {Trenz Electronic TEBF0808-04A - UltraITX+ Baseboard for Trenz Electronic TE080X UltraSOM+ | Trenz Electronic GmbH Online Shop (EN)},
howpublished = {\url{https://shop.trenz-electronic.de/en/TEBF0808-04A-UltraITX-Baseboard-for-Trenz-Electronic-TE080X-UltraSOM}},
month = {},
year = {},
note = {(Accessed on 05/17/2022)}
}

@misc{Technica37:online,
author = {},
title = {Technical specification | Document 2631648 (v.1)},
howpublished = {\url{https://edms.cern.ch/ui/\#!master/navigator/document?P:100270779:100944710:subDocs}},
month = {},
year = {},
note = {(Accessed on 05/17/2022)}
}

@misc{TEBF080899:online,
author = {},
title = {TEBF0808 TRM - Public Docs - Trenz Electronic Wiki},
howpublished = {\url{https://wiki.trenz-electronic.de/display/PD/TEBF0808\+TRM}},
month = {},
year = {},
note = {(Accessed on 05/17/2022)}
}

@misc{TE0807TR21:online,
author = {},
title = {TE0807 TRM - Public Docs - Trenz Electronic Wiki},
howpublished = {\url{https://wiki.trenz-electronic.de/display/PD/TE0807+TRM}},
month = {},
year = {},
note = {(Accessed on 05/17/2022)}
}

@misc{CentOSFo91:online,
author = {},
title = {CentOSForZynqMP < SystemOnChip < TWiki},
howpublished = {\url{https://twiki.cern.ch/twiki/bin/view/SystemOnChip/CentOSForZynqMP}},
month = {},
year = {},
note = {(Accessed on 05/17/2022)}
}

@misc{EMCIEMPe95:online,
author = {},
title = {EMCI-EMP / epos · GitLab},
howpublished = {\url{https://gitlab.cern.ch/emci-emp/epos/-/tree/master/}},
month = {},
year = {},
note = {(Accessed on 05/17/2022)}
}

@misc{lpGBTMan75:online,
author = {},
title = {lpGBT Manual},
howpublished = {\url{https://lpgbt.web.cern.ch/lpgbt/}},
month = {},
year = {},
note = {(Accessed on 05/17/2022)}
}

@misc{VLDBcont6:online,
author = {},
title = {VLDB+ control toolkit manual — PiGBT Manual},
howpublished = {\url{https://pigbt.web.cern.ch/manual/}},
month = {},
year = {},
note = {(Accessed on 05/17/2022)}
}

@misc{ug537pdf17:online,
author = {},
title = {ug537.pdf • Viewer • Documentation Portal},
howpublished = {\url{https://docs.xilinx.com/v/u/en-US/ug537}},
month = {},
year = {},
note = {(Accessed on 05/17/2022)}
}

@misc{EMCIFile18:online,
author = {},
title = {EMCI - Files - CERNBox: the CERN Cloud Storage},
howpublished = {\url{https://cernbox.cern.ch/index.php/s/QdUZq4NBV8x1u1e?path=\%2FEMCI\#pdfviewer}},
month = {},
year = {},
note = {(Accessed on 05/17/2022)}
}

@misc{cppprogr20:online,
author = {},
title = {cpp-programs · master · EMCI-EMP / mortens-work GitLab},
howpublished = {\url{https://gitlab.cern.ch/emci-emp/mortens-work/-/tree/master/cpp-programs}},
month = {},
year = {},
note = {(Accessed on 05/17/2022)}
}

@misc{ug537pdf71:online,
author = {},
title = {ug537.pdf • Viewer • Documentation Portal},
howpublished = {\url{https://docs.xilinx.com/v/u/en-US/ug537}},
month = {},
year = {},
note = {(Accessed on 05/17/2022)}
}

@misc{DropAllA39:online,
author = {},
title = {Drop All - Accept few custom FirewallD zone on Centos 7 | Alexander Molochko},
howpublished = {\url{https://crosp.net/blog/administration/drop-all-accept-few-zone-firewalld-centos-7/#:~:text=Firewalld\%20has\%20several\%20default\%20zones,connections\%20initiated\%20within\%20this\%20system.}},
month = {},
year = {},
note = {(Accessed on 05/17/2022)}
}

@misc{httpswww60:online,
author = {},
title = {https://www.kernel.org/doc/Documentation/gpio/sysfs.txt},
howpublished = {\url{https://www.kernel.org/doc/Documentation/gpio/sysfs.txt}},
month = {},
year = {},
note = {(Accessed on 05/18/2022)}
}

@misc{3Navigat28:online,
author = {},
title = {3. Navigating PiGBT — PiGBT Manual},
howpublished = {\url{https://pigbt.web.cern.ch/manual/configuration.html}},
month = {},
year = {},
note = {(Accessed on 05/19/2022)}
}

@misc{OurPeopl98:online,
author = {},
title = {Our People | CERN},
howpublished = {\url{https://home.cern/about/who-we-are/our-people}},
month = {},
year = {},
note = {(Accessed on 07/04/2022)}
}

@misc{Environm54:online,
author = {},
title = {Environment Report 2017-2018 - About CERN | HSE unit at CERN},
howpublished = {\url{https://hse.cern/environment-report-2017-2018/about-cern}},
month = {},
year = {},
note = {(Accessed on 07/04/2022)}
}